@article{Stickgold2013SleepdependentMT,
  title={Sleep-dependent memory triage: evolving generalization through selective processing},
  author={Robert Stickgold and Matthew P. Walker},
  journal={Nature Neuroscience},
  year={2013},
  volume={16},
  pages={139-145},
  url={https://api.semanticscholar.org/CorpusID:3631966}
}
@article{Walker2006SleepMA,
  title={Sleep, memory, and plasticity.},
  author={Matthew P. Walker and Robert Stickgold},
  journal={Annual review of psychology},
  year={2006},
  volume={57},
  pages={
          139-66
        },
  url={https://api.semanticscholar.org/CorpusID:7530260}
}
@article{Xie2013SleepDM,
  title={Sleep Drives Metabolite Clearance from the Adult Brain},
  author={Lulu Xie and Hongyi Kang and Qiwu Xu and Michael J. Chen and Yonghong Liao and Meenakshisundaram Thiyagarajan and John O'Donnell and Daniel J. R. Christensen and Charles Nicholson and Jeffrey J. Iliff and Takahiro Takano and Rashid Deane and Maiken Nedergaard},
  journal={Science},
  year={2013},
  volume={342},
  pages={373 - 377},
  url={https://api.semanticscholar.org/CorpusID:54564578}
}
@article{Irwin2017SleepHR,
  title={Sleep Health: Reciprocal Regulation of Sleep and Innate Immunity},
  author={Michael R. Irwin and Mark R Opp},
  journal={Neuropsychopharmacology},
  year={2017},
  volume={42},
  pages={129-155},
  url={https://api.semanticscholar.org/CorpusID:19287317}
}
@article{Walker2009TheRO,
  title={The Role of Sleep in Cognition and Emotion},
  author={Matthew P. Walker},
  journal={Annals of the New York Academy of Sciences},
  year={2009},
  volume={1156},
  url={https://api.semanticscholar.org/CorpusID:313685}
}
@article{Dobson2023UseOC,
  title={Use of Consumer Wearables in Health Research: Issues and Considerations},
  author={Rosie Dobson and Melanie Stowell and Jim Warren and Taria Tane and Lin Ni and Yulong Gu and Judith McCool and Robyn Whittaker},
  journal={Journal of Medical Internet Research},
  year={2023},
  volume={25},
  url={https://api.semanticscholar.org/CorpusID:265307791}
}
@article{Henriksen2018UsingFT,
  title={Using Fitness Trackers and Smartwatches to Measure Physical Activity in Research: Analysis of Consumer Wrist-Worn Wearables},
  author={Andr{\'e} Henriksen and Martin Haugen Mikalsen and Ashenafi Zebene Woldaregay and Miroslav Muzny and Gunnar Hartvigsen and Laila Arnesdatter Hopstock and Sameline Grimsgaard},
  journal={Journal of Medical Internet Research},
  year={2018},
  volume={20},
  url={https://api.semanticscholar.org/CorpusID:4148847}
}
@article{deZambotti2020SensorsCP,
  title={Sensors Capabilities, Performance, and Use of Consumer Sleep Technology.},
  author={Massimiliano de Zambotti and Nicola Cellini and Luca Menghini and Michela Sarlo and Fiona C. Baker},
  journal={Sleep medicine clinics},
  year={2020},
  volume={15 1},
  pages={
          1-30
        },
  url={https://api.semanticscholar.org/CorpusID:210997391}
}
@inproceedings{Iber2007TheAA,
  title={The American Academy of Sleep Medicine (AASM) Manual for the Scoring of Sleep and Associated Events: Rules, Terminology and Technical Specifications},
  author={Conrad Iber and Sonia Ancoli-Israel and Andrew L. Chesson and Stuart F. Quan},
  year={2007},
  url={https://api.semanticscholar.org/CorpusID:81092928}
}
@article{Malhotra2013PerformanceOA,
  title={Performance of an automated polysomnography scoring system versus computer-assisted manual scoring.},
  author={Atul Malhotra and Magdy Younes and Samuel T. Kuna and Ruth M. Benca and Clete A. Kushida and James K. Walsh and Alexandra L. Hanlon and Bethany Staley and Allan I. Pack and Grace W. Pien},
  journal={Sleep},
  year={2013},
  volume={36 4},
  pages={
          573-82
        },
  url={https://api.semanticscholar.org/CorpusID:3479404}
}
@article{Eldele2021AnAD,
  title={An Attention-Based Deep Learning Approach for Sleep Stage Classification With Single-Channel EEG},
  author={Emadeldeen Eldele and Zhenghua Chen and Chengyu Liu and Min Wu and C. Kwoh and Xiaoli Li and Cuntai Guan},
  journal={IEEE Transactions on Neural Systems and Rehabilitation Engineering},
  year={2021},
  volume={29},
  pages={809-818},
  url={https://api.semanticscholar.org/CorpusID:233448337}
}
@article{Dai2023MultiChannelSleepNetAT,
  title={MultiChannelSleepNet: A Transformer-Based Model for Automatic Sleep Stage Classification With PSG},
  author={Yang Dai and Xiuli Li and Shanshan Liang and Lu-Kang Wang and Qingtian Duan and Hui Yang and Chunqing Zhang and Xiaowei Chen and Longhui Li and Xingyi Li and Xiang Liao},
  journal={IEEE Journal of Biomedical and Health Informatics},
  year={2023},
  volume={27},
  pages={4204-4215},
  url={https://api.semanticscholar.org/CorpusID:259118260}
}
@article{Perslev2021USleepRH,
  title={U-Sleep: resilient high-frequency sleep staging},
  author={Mathias Perslev and S. Darkner and Lykke Kempfner and Miki Nikolic and Poul J{\o}rgen Jennum and C. Igel},
  journal={NPJ Digital Medicine},
  year={2021},
  volume={4},
  url={https://api.semanticscholar.org/CorpusID:233237814}
}
@article{Olsen2022AFD,
  title={A Flexible Deep Learning Architecture for Temporal Sleep Stage Classification Using Accelerometry and Photoplethysmography},
  author={Mads Olsen and Jamie M. Zeitzer and Risa Nakase Richardson and Polina Davidenko and Poul J{\o}rgen Jennum and Helge Bjarup Dissing S{\o}rensen and Emmanuel Jean-Marie Mignot},
  journal={IEEE Transactions on Biomedical Engineering},
  year={2022},
  volume={70},
  pages={228-237},
  url={https://api.semanticscholar.org/CorpusID:250282302}
}
@article{Walch2019SleepSP,
  title={Sleep stage prediction with raw acceleration and photoplethysmography heart rate data derived from a consumer wearable device},
  author={Olivia J. Walch and Yitong Huang and Daniel B. Forger and Cathy A Goldstein},
  journal={Sleep},
  year={2019},
  volume={42},
  url={https://api.semanticscholar.org/CorpusID:203653773}
}
@article{Fonseca2023ACE,
  title={A computationally efficient algorithm for wearable sleep staging in clinical populations},
  author={Pedro Fonseca and Marco Ross and Andreas Cerny and Peter Anderer and Fokke B van Meulen and Hennie Janssen and Angelique Pijpers and Sylvie Dujardin and Pauline V. van Hirtum and Merel M. van Gilst and Sebastiaan Overeem},
  journal={Scientific Reports},
  year={2023},
  volume={13},
  url={https://api.semanticscholar.org/CorpusID:259097135}
}
@article{Lujan2021PastPA,
  title={Past, Present, and Future of Multisensory Wearable Technology to Monitor Sleep and Circadian Rhythms},
  author={Matthew R. Lujan and Ignacio Perez-Pozuelo and Michael A. Grandner},
  journal={Frontiers in Digital Health},
  year={2021},
  volume={3},
  url={https://api.semanticscholar.org/CorpusID:237055909}
}
@article{Liu2023MicroSE,
  title={Micro SleepNet: efficient deep learning model for mobile terminal real-time sleep staging},
  author={Guisong Liu and Guoliang Wei and Shuqing Sun and Dandan Mao and Jiansong Zhang and Dechun Zhao and Xue-Long Tian and Xing Wang and Nanxi Chen},
  journal={Frontiers in Neuroscience},
  year={2023},
  volume={17},
  url={https://api.semanticscholar.org/CorpusID:260305416}
}
@article{Yao2022ACD,
  title={A CNN-Transformer Deep Learning Model for Real-time Sleep Stage Classification in an Energy-Constrained Wireless Device*},
  author={Zongyan Yao and Xilin Liu},
  journal={2023 11th International IEEE/EMBS Conference on Neural Engineering (NER)},
  year={2022},
  pages={1-4},
  url={https://api.semanticscholar.org/CorpusID:253758454}
}
@article{Supratak2017DeepSleepNetAM,
  title={DeepSleepNet: A Model for Automatic Sleep Stage Scoring Based on Raw Single-Channel EEG},
  author={Akara Supratak and Hao Dong and Chao Wu and Yike Guo},
  journal={IEEE Transactions on Neural Systems and Rehabilitation Engineering},
  year={2017},
  volume={25},
  pages={1998-2008},
  url={https://api.semanticscholar.org/CorpusID:206761818}
}
@article{Liao2022LightSleepNetDO,
  title={LightSleepNet: Design of a Personalized Portable Sleep Staging System Based on Single-Channel EEG},
  author={Yiqiao Liao and Chao Zhang and Milin Zhang and Zhihua Wang and Xiang Xie},
  journal={IEEE Transactions on Circuits and Systems II: Express Briefs},
  year={2022},
  volume={69},
  pages={224-228},
  url={https://api.semanticscholar.org/CorpusID:236715180}
}
@article{Cui2019ClassBalancedLB,
  title={Class-Balanced Loss Based on Effective Number of Samples},
  author={Yin Cui and Menglin Jia and Tsung-Yi Lin and Yang Song and Serge J. Belongie},
  journal={2019 IEEE/CVF Conference on Computer Vision and Pattern Recognition (CVPR)},
  year={2019},
  pages={9260-9269},
  url={https://api.semanticscholar.org/CorpusID:58014111}
}
@article{Huang2022AccSleepNetAA,
  title={AccSleepNet: An Axis-Aware Hybrid Deep Fusion Model for Sleep Stage Classification Using Wrist-Worn Accelerometer Data},
  author={Guanjie Huang and Ye Yuan and Guohong Cao and Fenglong Ma},
  journal={2022 IEEE International Conference on Bioinformatics and Biomedicine (BIBM)},
  year={2022},
  pages={1005-1012},
  url={https://api.semanticscholar.org/CorpusID:255418752}
}
@article{Zhang2017ShuffleNetAE,
  title={ShuffleNet: An Extremely Efficient Convolutional Neural Network for Mobile Devices},
  author={Xiangyu Zhang and Xinyu Zhou and Mengxiao Lin and Jian Sun},
  journal={2018 IEEE/CVF Conference on Computer Vision and Pattern Recognition},
  year={2017},
  pages={6848-6856},
  url={https://api.semanticscholar.org/CorpusID:24982157}
}
@article{Liu2021ASF,
  title={A System-on-Chip for Closed-loop Optogenetic Sleep Modulation},
  author={Xilin Liu and Andrew G. Richardson},
  journal={2021 43rd Annual International Conference of the IEEE Engineering in Medicine \& Biology Society (EMBC)},
  year={2021},
  pages={5678-5681},
  url={https://api.semanticscholar.org/CorpusID:237346910}
}
@article{Nguyen2022ALS,
  title={A Large-Scale Study of a Sleep Tracking and Improving Device with Closed-loop and Personalized Real-time Acoustic Stimulation},
  author={Anh Nguyen and Galen Pogoncheff and Ban Xuan Dong and Nam Bui and Hoang Truong and Nhat Pham and Linh T. Nguyen and Hoang Huu Nguyen and Sy Duong-Quy and Sangtae Ha and Tam Vu},
  journal={ArXiv},
  year={2022},
  volume={abs/2211.02592},
  url={https://api.semanticscholar.org/CorpusID:253370232}
}

% below is the reference for the paper Utilizing Large Language Model for Human Activity Recognition from Coarse-Grained Wearable Sensors
@article{Bulling2014HARSurvey,
  title={A tutorial on human activity recognition using body-worn inertial sensors},
  author={Bulling, Andreas and Blanke, Ulf and Schiele, Bernt},
  journal={ACM computing surveys},
  volume={46},
  number={3},
  pages={1--33},
  year={2014},
  publisher={ACM New York, NY, USA}
}
@article{Wang2019DeepHAR,
  title={Deep learning for sensor-based activity recognition: A survey},
  author={Wang, Jindong and Chen, Yiqiang and Hao, Shuji and Peng, Xiaohui and Hu, Lianzhang},
  journal={Pattern Recognition Letters},
  volume={119},
  pages={3--11},
  year={2019},
  publisher={Elsevier}
}
@article{Chen2021WearableHAR,
  title={A comprehensive survey of deep learning-based human activity recognition},
  author={Chen, Kaixuan and Zhang, Dawei and Yao, Lina and Guo, Bin and Yu, Zhiwen and Liu, Yunhao},
  journal={Proceedings of the IEEE},
  volume={109},
  number={9},
  pages={1601--1622},
  year={2021},
  publisher={IEEE}
}
@inproceedings{Vaswani2017Attention,
  title={Attention is all you need},
  author={Vaswani, Ashish and Shazeer, Noam and Parmar, Niki and Uszkoreit, Jakob and Jones, Llion and Gomez, Aidan N and Kaiser, {\L}ukasz and Polosukhin, Illia},
  booktitle={Advances in neural information processing systems},
  pages={5998--6008},
  year={2017}
}
@article{Devlin2019BERT,
  title={BERT: Pre-training of Deep Bidirectional Transformers for Language Understanding},
  author={Devlin, Jacob and Chang, Ming-Wei and Lee, Kenton and Toutanova, Kristina},
  journal={arXiv preprint arXiv:1810.04805},
  year={2019}
}
@article{Brown2020GPT3,
  title={Language models are few-shot learners},
  author={Brown, Tom and Mann, Benjamin and Ryder, Nick and Subbiah, Melanie and Kaplan, Jared D and Dhariwal, Prafulla and Neelakantan, Arvind and Shyam, Pranav and Sastry, Girish and Askell, Amanda and others},
  journal={Advances in neural information processing systems},
  volume={33},
  pages={1877--1901},
  year={2020}
}
@article{Lara2013Mobile,
  title={A survey on human activity recognition using wearable sensors},
  author={Lara, Oscar D and Labrador, Miguel A},
  journal={IEEE communications surveys \& tutorials},
  volume={15},
  number={3},
  pages={1192--1209},
  year={2013},
  publisher={IEEE}
}
@article{Shoaib2015Survey,
  title={A survey of online activity recognition using mobile phones},
  author={Shoaib, Muhammad and Bosch, Stephan and Incel, Ozlem Durmaz and Scholten, Hans and Havinga, Paul JM},
  journal={Sensors},
  volume={15},
  number={1},
  pages={2059--2085},
  year={2015},
  publisher={MDPI}
}
@inproceedings{Yang2015DeepConvLSTM,
  title={Deep convolutional neural networks on multichannel time series for human activity recognition},
  author={Yang, Jianbo and Nguyen, Minh Nhut and San, Phyo Phyo and Li, Xiaoli and Krishnaswamy, Shonali},
  booktitle={Twenty-fourth international joint conference on artificial intelligence},
  year={2015}
}
@article{Ignatov2018RealTime,
  title={Real-time human activity recognition from accelerometer data using Convolutional Neural Networks},
  author={Ignatov, Andrey},
  journal={Applied Soft Computing},
  volume={62},
  pages={915--922},
  year={2018},
  publisher={Elsevier}
}
@article{Hammerla2016Deep,
  title={Deep, convolutional, and recurrent models for human activity recognition using wearables},
  author={Hammerla, Nils Y and Halloran, Shane and Ploetz, Thomas},
  journal={arXiv preprint arXiv:1604.08880},
  year={2016}
}
@article{Ronao2016Human,
  title={Human activity recognition with smartphone sensors using deep learning neural networks},
  author={Ronao, Charissa Ann and Cho, Sung-Bae},
  journal={Expert systems with applications},
  volume={59},
  pages={235--244},
  year={2016},
  publisher={Elsevier}
}

@article{li2024sensorllm,
  title={Sensorllm: Aligning large language models with motion sensors for human activity recognition},
  author={Li, Zechen and Deldari, Shohreh and Chen, Linyao and Xue, Hao and Salim, Flora D},
  journal={arXiv preprint arXiv:2410.10624},
  year={2024}
}

% New recent references for comprehensive related work
@article{Li2024P2LHAP,
  title={P2LHAP:Wearable sensor-based human activity recognition, segmentation and forecast through Patch-to-Label Seq2Seq Transformer},
  author={Li, Shuangjian and Zhu, Tao and Nie, Mingxing and Ning, Huansheng and Liu, Zhenyu and Chen, Liming},
  journal={arXiv preprint arXiv:2403.08214},
  year={2024}
}

@article{Zhang2025MoPFormer,
  title={MoPFormer: Motion-Primitive Transformer for Wearable-Sensor Activity Recognition},
  author={Zhang, Hao and Zhuang, Zhan and Wang, Xuehao and Yang, Xiaodong and Zhang, Yu},
  journal={arXiv preprint arXiv:2505.20744},
  year={2025}
}

@article{Zhao2025ActionFormer,
  title={Detecting Informative Channels: ActionFormer},
  author={Zhao, Kunpeng and Miyazaki, Asahi and Okita, Tsuyoshi},
  journal={arXiv preprint arXiv:2505.20739},
  year={2025}
}

@article{Ruan2024PAT,
  title={Foundation Models for Wearable Movement Data in Mental Health Research},
  author={Ruan, Franklin Y and Zhang, Aiwei and Oh, Jenny Y and Jin, SouYoung and Jacobson, Nicholas C},
  journal={arXiv preprint arXiv:2411.15240},
  year={2024}
}

@article{Zhang2025SensorLM,
  title={SensorLM: Learning the Language of Wearable Sensors},
  author={Zhang, Yuwei and Ayush, Kumar and Qiao, Siyuan and Heydari, A Ali and Narayanswamy, Girish and Xu, Maxwell A and Metwally, Ahmed A and Xu, Shawn and Garrison, Jake and Xu, Xuhai and others},
  journal={arXiv preprint arXiv:2506.09108},
  year={2025}
}

@article{Civitarese2024ADLLLM,
  title={Large Language Models are Zero-Shot Recognizers for Activities of Daily Living},
  author={Civitarese, Gabriele and Fiori, Michele and Choudhary, Priyankar and Bettini, Claudio},
  journal={arXiv preprint arXiv:2407.01238},
  year={2024}
}

@article{Ouyang2024LLMSense,
  title={LLMSense: Harnessing LLMs for High-level Reasoning Over Spatiotemporal Sensor Traces},
  author={Ouyang, Xiaomin and Srivastava, Mani},
  journal={arXiv preprint arXiv:2403.19857},
  year={2024}
}

@article{Sun2024IoTActivity,
  title={An AI-Based System Utilizing IoT-Enabled Ambient Sensors and LLMs for Complex Activity Tracking},
  author={Sun, Yuan and Ortiz, Jorge},
  journal={arXiv preprint arXiv:2407.02606},
  year={2024}
}

@article{Mo2024IoTLM,
  title={IoT-LM: Large Multisensory Language Models for the Internet of Things},
  author={Mo, Shentong and Salakhutdinov, Russ and Morency, Louis-Philippe and Liang, Paul Pu},
  journal={arXiv preprint arXiv:2407.09801},
  year={2024}
}

@inproceedings{Ji2024HARGPT,
  title={HARGPT: Are LLMs Zero-Shot Human Activity Recognizers?},
  author={Ji, Sijie and Zheng, Xinzhe and Wu, Chenshu},
  booktitle={Proceedings of the 2024 IEEE International Workshop on Foundation Models for Cyber-Physical Systems \& Internet of Things (FMSys)},
  pages={38--43},
  year={2024},
  publisher={IEEE}
}

@article{Ferrara2024LLMSurvey,
  title={Large Language Models for wearable sensor-based human activity recognition, health monitoring, and behavioral modeling: a survey of early trends, datasets, and challenges},
  author={Ferrara, Emilio},
  journal={Sensors},
  volume={24},
  number={15},
  pages={5045},
  year={2024},
  publisher={MDPI}
}